@book{milonni,
  title={Laser Physics},
  author={Milonni, P.W. and Eberly, J.H.},
  isbn={978-0-470-38771-9},
  year=2010,
  publisher={Wiley}
}
